<record><leader>00000cas a22000007a 4500</leader><controlfield tag="001">19610077</controlfield><controlfield tag="008">890426c19849999mouwr ne      0    0eng d</controlfield><datafield ind1=" " ind2=" " tag="010"><subfield code="a">sn 89066495 </subfield></datafield><datafield ind1=" " ind2=" " tag="040"><subfield code="a">MQN</subfield><subfield code="c">MQN</subfield><subfield code="d">MXM</subfield></datafield><datafield ind1=" " ind2=" " tag="043"><subfield code="a">n-us-mo</subfield></datafield><datafield ind1="0" ind2="0" tag="245"><subfield code="a">News-xpress.</subfield></datafield><datafield ind1="0" ind2="0" tag="246"><subfield code="a">News express</subfield></datafield><datafield ind1="0" ind2="0" tag="246"><subfield code="a">News xpress</subfield></datafield><datafield ind1=" " ind2=" " tag="260"><subfield code="a">Butler, Bates County, Mo. :</subfield><subfield code="b">C.A. Moore,</subfield><subfield code="c">1984-</subfield></datafield><datafield ind1=" " ind2=" " tag="300"><subfield code="a">v.</subfield></datafield><datafield ind1=" " ind2=" " tag="310"><subfield code="a">Weekly</subfield></datafield><datafield ind1="0" ind2=" " tag="362"><subfield code="a">Vol. 1, no. 1 (Oct. 5, 1984)-v. 2, no. 48 (Aug. 29, 1986) ; v. 16, no. 35 (Sept. 5, 1986)-</subfield></datafield><datafield ind1=" " ind2=" " tag="500"><subfield code="a">Absorbed Bates County news headliner, Aug. 29, 1986, and assumed its numeration system.</subfield></datafield><datafield ind1=" " ind2=" " tag="515"><subfield code="a">Volume and issue designation changed to Vol. 16, no. 35 with issue for Sept. 5, 1986.</subfield></datafield><datafield ind1=" " ind2="0" tag="651"><subfield code="a">Butler (Mo.)</subfield><subfield code="v">Newspapers.</subfield></datafield><datafield ind1=" " ind2="0" tag="651"><subfield code="a">Bates County (Mo.)</subfield><subfield code="v">Newspapers.</subfield></datafield><datafield ind1=" " ind2=" " tag="752"><subfield code="a">United States</subfield><subfield code="b">Missouri</subfield><subfield code="c">Bates</subfield><subfield code="d">Butler.</subfield></datafield><datafield ind1="1" ind2="5" tag="780"><subfield code="t">Bates County news headliner</subfield><subfield code="w">(DLC)sn 89066494</subfield></datafield></record>